
@book{pimenta_estagio_2017,
	address = {São Paulo},
	edition = {8},
	title = {Estágio e {Docência}},
	publisher = {Cortez},
	author = {Pimenta, Selma G. and Lima, Maria S. L.},
	year = {2017},
}

@misc{noauthor_watch_2022,
	title = {Watch '{Pré}-cadastro {SIGAA}: estágio obrigatório' {\textbar} {Microsoft} {Stream}},
	url = {https://web.microsoftstream.com/video/206f261b-6c27-4874-959b-4595113c7e04?referrer=https:%2F%2Fdeg.unb.br%2F},
	urldate = {2022-08-03},
	month = aug,
	year = {2022},
}

@misc{noauthor_resolucao_2022,
	title = {{RESOLUÇÃO} {DO} {CONSELHO} {DE} {ENSINO}, {PESQUISA} {E} {EXTENSÃO} {Nº} 0104/2021: {Estabelece} o {Regulamento} {Geral} de {Estágios} de {Graduação} da {Universidade} de {Brasília}.},
	url = {https://www.adm.unb.br/images/Resolu%C3%A7%C3%A3o_CEPE__est%C3%A1gio_UnB.pdf},
	urldate = {2022-08-03},
	month = aug,
	year = {2022},
}

@misc{noauthor_manual_2022,
	title = {Manual de {Orientações} no {Módulo} de {Estágio} do {Sistema} {Integrado} de {Gerenciamento} de {Atividades} {Acadêmicas} ({SIGAA})},
	url = {https://deg.unb.br/images/Diretorias/DAIA/cesg/estagio/manuais/manual_orientacoes_estagios_nao_obrigatorios_discentes.pdf},
	urldate = {2022-08-03},
	month = aug,
	year = {2022},
}

@misc{brasil_lei_2008,
	title = {Lei nº 11.788, de  25 de setembro de 2008.  {Dispõe} sobre o estágio de estudantes; e dá outras providências.},
	url = {http://www.planalto.gov.br/ccivil_03/_ato2007-2010/2008/lei/l11788.htm},
	urldate = {2022-10-10},
	author = {{Brasil}},
	year = {2008},
}

@article{da_cruz_articulacao_2013,
	title = {Articulação das {Práticas} e {Estágios} no {Currículo} de {Licenciatura} em {Computação}},
	volume = {13},
	issn = {1519.6186},
	url = {http://periodicos.uem.br/ojs/index.php/EspacoAcademico},
	number = {148},
	journal = {Espaço Acadêmico},
	author = {Da Cruz, Marcia Elena Jochims Kniphoff and Haetinger, Werner},
	month = sep,
	year = {2013},
	pages = {35--43},
}
